@article{olive2024filtering,
  title   = {Filtering Techniques for ADS-B Trajectory Preprocessing},
  author  = {Olive, Xavier and Krummen, Jan and Figuet, Benoit and Alligier, Richard},
  journal = {Journal of Open Aviation Science},
  year    = {2024},
  volume  = {2},
  number  = {2}
}

@misc{icao_1993,
author = {{Internation Civil Aviation Organization}},
title = {Destruction of Korean Air Lines Boeing 747 on 31 August 1983},
howpublished = {Ref. LE 4/19.4 - 93/68},
year = {1993},
publisher = {ICAO},
address = {Montreal}
}
@standard{RCTA_DO-212,
author       = {{RCTA}},
title        = {Minimum Operational Performance Standards for Airborne Automatic Dependent Surveillance (ADS) Equipment},
number       = {DO-212},
year         = {1992},
address      = {Washington, DC},
publisher    = {RCTA}
}

@standard{RCTA_DO-242,
author       = {{RCTA}},
title        = {Minimum Aviation System Performance Standards for Automatic Dependent Surveillance Broadcast (ADS-B)},
year         = {1998},
number       = {DO-242},
address      = {Washington, DC},
publisher    = {RCTA}
}

@inproceedings{icao_2003,
author = {{Internation Civil Aviation Organization}},
title = {Eleventh Air Navigation Conference},
booktitle = {Eleventh Air Navigation Conference},
year = {2003},
number = {AN-Conf/11-WP/190},
address = {Montreal},
publisher = {ICAO}
}

@article{olive2024filtering,
title={Filtering Techniques for ADS-B Trajectory Preprocessing},
author={Olive, Xavier and Krummen, Jan and Figuet, Benoit and Alligier, Richard},
journal={Journal of Open Aviation Science},
volume={2},
number={2},
year={2024}
}

@techreport{faa2000capstone,
title = {Capstone Program Plan Version 2.0},
author = {{FAA, Alaskan Region, Capstone Program Management Office}},
year = {2000},
month = mar,
address = {Anchorage, Alaska},
institution = {Federal Aviation Administration}
}

@misc{undertaking2009european,
title={European air traffic management master plan},
author={Undertaking, SESAR Joint},
year={2009},
publisher={SESAR Joint Undertaking Avenue de Cortenbergh}
}

@misc{casa2010cao20-18,
author       = {{Civil Aviation Safety Authority (CASA)}},
title        = {Civil Aviation Order 20.18 (as amended): Aircraft Equipment -- Basic Operational Requirements},
howpublished = {Compilation prepared by the Legislative Drafting Branch, Legal Services Division},
address      = {Canberra, Australia},
year         = {2010},
month        = may,
day          = {18},
note         = {Available at: \url{https://www.legislation.gov.au/Series/F2005B01059}},
}

@misc{caac2015adsb,
author       = {{Civil Aviation Administration of China (CAAC)}},
title        = {China Civil Aviation ADS-B Implementation Plan [in Chinese]},
year         = {2015},
month        = dec,
note         = {Beijing, China. Issued December 2015},
}

@article{melero2024satera,
title={SATERA Baseline: Identifying the Challenges of Space-Based Multilateration Systems},
author={Melero, Victor Monzonis and Balbastre, Juan V and Ganau, Alex},
journal={2024 SESAR Innovation days},
year={2024}
}

@inproceedings{schafer2014bringing,
title={Bringing up OpenSky: A large-scale ADS-B sensor network for research},
author={Sch{"a}fer, Matthias and Strohmeier, Martin and Lenders, Vincent and Martinovic, Ivan and Wilhelm, Matthias},
booktitle={IPSN-14 proceedings of the 13th international symposium on information processing in sensor networks},
pages={83--94},
year={2014},
organization={IEEE}
}

@inproceedings{wang2017short,
  title     = {Short-term 4D Trajectory Prediction Using Machine Learning Methods},
  author    = {Wang, Zhengyi and Liang, Man and Delahaye, Daniel},
  booktitle = {7th SESAR Innovation Days (SID 2017)},
  year      = {2017}
}

@inproceedings{yoon2023improving,
  title     = {Improving Aircraft Trajectory Prediction Accuracy with Over-Sampling Technique},
  author    = {Yoon, Seokbin and Lee, Keumjin},
  booktitle = {2023 IEEE/AIAA 42nd Digital Avionics Systems Conference (DASC)},
  pages     = {1--6},
  year      = {2023},
  organization = {IEEE}
}

@inproceedings{wang2021performance,
  title     = {A Performance Learning Method for Aircraft Trajectory Modeling},
  author    = {Wang, Yuejingyan and Zhao, Liang and Jia, Yuyang and Cai, Kaiquan},
  booktitle = {2021 IEEE/AIAA 40th Digital Avionics Systems Conference (DASC)},
  pages     = {1--7},
  year      = {2021},
  organization = {IEEE}
}

@article{corrado2021clustering,
  title    = {A Clustering-Based Quantitative Analysis of the Interdependent Relationship Between Spatial and Energy Anomalies in ADS-B Trajectory Data},
  author   = {Corrado, Samantha J. and Puranik, Tejas G. and Fischer, Olivia Pinon and Mavris, Dimitri N.},
  journal  = {Transportation Research Part C: Emerging Technologies},
  volume   = {131},
  pages    = {103331},
  year     = {2021},
  publisher= {Elsevier}
}

@inproceedings{schlosser2024analysis,
  title     = {Analysis of Aircraft Ground Trajectories: Map-Matching with Open Source Data for Modeling Safety-Driven Applications},
  author    = {Schlosser, Martin and Bra{\ss}el, Hannes and Fricke, Hartmut},
  booktitle = {Proceedings of the 11th International Conference on Research in Air Transportation (ICRAT 2024), Singapore},
  year      = {2024}
}

@article{guleriamachine,
  title   = {A Machine Learned Traffic Flow Coordination Framework for Flow-Centric Airspace},
  author  = {Guleria, Yash and Alam, Sameer and Li, Max Z. and others},
  journal = {Preprint},
  note    = {Manuscript status not specified}
}

@inproceedings{noh2018aviation,
  title     = {Aviation Gas Turbine Engine Emissions: Drop-In Alternative Fuel and Its Challenges},
  author    = {Mohd Noh, H. and Rodrigo, G. A. and Abdul Rahman, N. A. and Ismail, S. and Shafie, M. A. and Zainal Abidin, M. W. and Ahmad, A. A. and Basit, R. and Khalid, A. and Yahaya, N. H. R. and others},
  booktitle = {IOP Conference Series: Materials Science and Engineering},
  volume    = {370},
  number    = {1},
  pages     = {012036},
  year      = {2018},
  organization = {IOP Publishing}
}

@inproceedings{roosenbrand2023contrail,
  title     = {Contrail Altitude Estimation Based on Shadows Detected in Landsat Imagery},
  author    = {Roosenbrand, Esther and Sun, Junzi and Hoekstra, Jacco},
  booktitle = {Proceedings of the 13th SESAR Innovation Days, Sevilla, Spain},
  year      = {2023}
}

@inproceedings{sun2023evaluating,
  title     = {Evaluating Transatlantic Flight Emissions and Inefficiencies Using Space-Based ADS-B Data},
  author    = {Sun, Junzi and Tassanbi, Aidana and Obojski, Piotrek and Plantholt, Philip},
  booktitle = {Proceedings of the 13th SESAR Innovation Days, Sevilla, Spain},
  pages     = {27--30},
  year      = {2023}
}



@misc{cfr91-225,
  title         = {{14 CFR \S 91.225 -- Automatic Dependent Surveillance--Broadcast (ADS-B) Out Equipment and Use}},
  howpublished  = {Code of Federal Regulations, Title 14: Aeronautics and Space},
  year          = {2010},
  note          = {U.S. Government Publishing Office}
}


@article{kovzovic2023air,
  title={Air Traffic Modernization and Control: ADS-B System Implementation Update 2022--a Review.},
  author={Ko{\v{z}}ovi{\'c}, Dejan V and {\DJ}ur{\dj}evi{\'c}, Dragan {\v{Z}} and Dinulovi{\'c}, Mirko R and Mili{\'c}, Sa{\v{s}}a and Ra{\v{s}}uo, Bo{\v{s}}ko P},
  journal={Fme Transactions},
  volume={51},
  number={1},
  year={2023}
}



@article{xuhao2021trajectory,
  title={Trajectory clustering for arrival aircraft via new trajectory representation},
  author={Xuhao, Gui and Junfeng, Zhang and Zihan, Peng},
  journal={Journal of Systems Engineering and Electronics},
  volume={32},
  number={2},
  pages={473--486},
  year={2021},
  publisher={BIAI}
}

@article{wang2018hybrid,
  title={A hybrid machine learning model for short-term estimated time of arrival prediction in terminal manoeuvring area},
  author={Wang, Zhengyi and Liang, Man and Delahaye, Daniel},
  journal={Transportation Research Part C: Emerging Technologies},
  volume={95},
  pages={280--294},
  year={2018},
  publisher={Elsevier}
}

@article{basora2018occupancy,
  title={Occupancy peak estimation from sector geometry and traffic flow data},
  author={Basora, Luis and Courchelle, Valentin and Bedouet, Judica{\"e}l and Dubot, Thomas},
  journal={Proceedings of the 8th SESAR Innovation Days, Salzburg, Austria},
  pages={3--7},
  year={2018}
}

@inproceedings{delahaye2022air,
  title={Air traffic flow representation and prediction using transformer in flow-centric airspace},
  author={Delahaye, Daniel and Ma, Chunyao and Alam, Sameer and Cai, Qing},
  booktitle={SESAR Innovation Days},
  year={2022}
}

@inproceedings{bonifazi2021modeling,
  title={Modeling and Detecting Anomalous Safety Events in Approach Flights Using ADS-B Data},
  author={Bonifazi, Alberto and Sun, Junzi and van Baren, Gerben and Hoekstra, Jacco},
  booktitle={Proceedings of the Fourteenth USA/Europe Air Traffic Management Research and Development Seminar (ATM2021), Virtual Event},
  pages={20--23},
  year={2021}
}

@inproceedings{rorie2024detect,
  title={Detect and Avoid and Collision Avoidance Flight Test Results with ACAS Xr},
  author={Rorie, R Conrad and Smith, Casey L},
  booktitle={2024 AIAA DATC/IEEE 43rd Digital Avionics Systems Conference (DASC)},
  pages={01--10},
  year={2024},
  organization={IEEE}
}

@article{bao2024exploring,
  title={Exploring the conflict risk characteristics of air weaving sections in Metroplex terminal areas with flight trajectory data and adaptive graph spatial-temporal transformer},
  author={Bao, Jie and Zhang, Zijie and Zhang, Junfeng and Chen, Yixuan and Gui, Xuhao},
  journal={Journal of Air Transport Management},
  volume={120},
  pages={102667},
  year={2024},
  publisher={Elsevier}
}

@article{zhang2024study,
  title={A study of TMA aircraft conflict-free routing and operation: With mixed integer linear programming, multi-agent path finding, and metaheuristic-based neighborhood search},
  author={Zhang, Yi and Zhang, Sheng and Zhang, Yicheng and Yin, Yifang},
  journal={IEEE Transactions on Intelligent Transportation Systems},
  volume={25},
  number={10},
  pages={13976--13990},
  year={2024},
  publisher={IEEE}
}

@article{sun2018aircraft,
  title={Aircraft drag polar estimation based on a stochastic hierarchical model},
  author={Sun, Junzi and Hoekstra, Jacco M and Ellerbroek, Joost},
  journal={Eighth SESAR innovation days},
  pages={1--8},
  year={2018},
  publisher={University of Salzburg Salzburg, Austria}
}

@article{schultz2022data,
  title={Data-driven airport management enabled by operational milestones derived from ADS-B messages},
  author={Schultz, Michael and Rosenow, Judith and Olive, Xavier},
  journal={Journal of Air Transport Management},
  volume={99},
  pages={102164},
  year={2022},
  publisher={Elsevier}
}

@article{alligier2020predictive,
  title={Predictive distribution of mass and speed profile to improve aircraft climb prediction},
  author={Alligier, Richard},
  journal={Journal of Air Transportation},
  volume={28},
  number={3},
  pages={114--123},
  year={2020},
  publisher={American Institute of Aeronautics and Astronautics}
}

@inproceedings{tabassum2017ads,
  title={ADS-B message contents evaluation and breakdown of anomalies},
  author={Tabassum, Asma and Allen, Nicholas and Semke, William},
  booktitle={2017 IEEE/AIAA 36th Digital Avionics Systems Conference (DASC)},
  pages={1--8},
  year={2017},
  organization={IEEE}
}

@article{wandelt2018ads,
  title={Ads-bi: Compressed indexing of ads-b data},
  author={Wandelt, Sebastian and Sun, Xiaoqian and Fricke, Hartmut},
  journal={IEEE Transactions on Intelligent Transportation Systems},
  volume={19},
  number={12},
  pages={3795--3806},
  year={2018},
  publisher={IEEE}
}

@article{spinielli2017initial,
  title={Initial implementation of reference trajectories for performance review},
  author={Spinielli, Enrico and Koelle, Rainer and Zanin, Massimiliano and Belkoura, Seddik},
  journal={Proceedings of the 7th SESAR innovation days. Belgrade (Serbia)},
  year={2017}
}

@inproceedings{roosenbrand2023contrail,
  title={Contrail altitude estimation based on shadows detected in landsat imagery},
  author={Roosenbrand, Esther and Sun, Junzi and Hoesktra, J},
  booktitle={Proceedings of the 13th SESAR Innovation Days, Sevilla, Spain},
  year={2023}
}

@article{sun2023evaluating,
  title={Evaluating transatlantic flight emissions and inefficiencies using space-based ADS-B data},
  author={Sun, Junzi and Tassanbi, Aidana and Obojski, Piotrek and Plantholt, Philip},
  journal={Proceedings of the 13th SESAR innovation days, sevilla, spain},
  pages={27--30},
  year={2023}
}
@inproceedings{cretin2018increasing,
  title={Increasing the resilience of ATC systems against false data injection attacks using DSL-based testing},
  author={Cretin, Aymeric and Legeard, Bruno and Peureux, Fabien and Vernotte, Alexandre},
  booktitle={International Conference on Research in Air Transportation},
  year={2018}
}

@inproceedings{khan2021intrusion,
  title={Intrusion detection in automatic dependent surveillance-broadcast (ADS-B) with machine learning},
  author={Khan, Suleman and Thorn, Joakim and Wahlgren, Alex and Gurtov, Andrei},
  booktitle={2021 IEEE/AIAA 40th Digital Avionics Systems Conference (DASC)},
  pages={1--10},
  year={2021},
  organization={IEEE}
}

@inproceedings{mehlitz2019analyzing,
  title={Analyzing airspace data with race},
  author={Mehlitz, Peter and Giannakopoulou, Dimitra and Shafiei, Nastaran},
  booktitle={2019 IEEE/AIAA 38th Digital Avionics Systems Conference (DASC)},
  pages={1--10},
  year={2019},
  organization={IEEE}
}
@article{bolic2024roadmap,
  title={Roadmap for a European open science alliance for ATM research},
  author={Bolic, Tatjana and Cook, Andrew and Koelle, Rainer and Spinielli, Enrico and Goens, Quinten and Strohmeier, Martin},
  journal={European Journal of Transport and Infrastructure Research},
  volume={24},
  number={4},
  pages={18--40},
  year={2024}
}

@INPROCEEDINGS{8102001,
	author={Tabassum, Asma and Allen, Nicholas and Semke, William},
	booktitle={2017 IEEE/AIAA 36th Digital Avionics Systems Conference (DASC)}, 
	title={ADS-B message contents evaluation and breakdown of anomalies}, 
	year={2017},
	volume={},
	number={},
	pages={1-8},
	keywords={Aircraft;Aircraft navigation;Payloads;Air traffic control;Aerospace electronics;Surveillance;Receivers;ADS-B;Anomalies;Drop out;Altitude Discrepancy},
	doi={10.1109/DASC.2017.8102001}}

@INPROCEEDINGS{8569833,
	author={Schäfer, Matthias and Strohmeicr, Martin and Smith, Matthew and Fuchs, Markus and Lenders, Vincent and Martinovic, Ivan},
	booktitle={2018 IEEE/AIAA 37th Digital Avionics Systems Conference (DASC)}, 
	title={OpenSky Report 2018: Assessing the Integrity of Crowdsourced Mode S and ADS-B Data}, 
	year={2018},
	volume={},
	number={},
	pages={1-9},
	keywords={Receivers;Hardware;Data integrity;Software;Aircraft;Crowdsourcing;Transponders},
	doi={10.1109/DASC.2018.8569833}}
	
@article{Olive_Krummen_Figuet_Alligier_2025,
	title = {Filtering Techniques for {{ADS-b}} Trajectory Preprocessing},
	author = {Olive, Xavier and Krummen, Jan and Figuet, Benoit and Alligier, Richard},
	year = {2025},
	month = mar,
	journal = {Journal of Open Aviation Science},
	volume = {2},
	number = {2},
	doi = {10.59490/joas.2024.7882}
}

@article{LIU2024104652,
	title = {Adaptive airport taxiing rule management: Design, assessment, and configuration},
	journal = {Transportation Research Part C: Emerging Technologies},
	volume = {163},
	pages = {104652},
	year = {2024},
	issn = {0968-090X},
	doi = {https://doi.org/10.1016/j.trc.2024.104652},
	url = {https://www.sciencedirect.com/science/article/pii/S0968090X24001736},
	author = {Yingli Liu and Minghua Hu and Jianan Yin and Jiaming Su and Peiran Qiao},
	keywords = {Airport surface movement, Taxiing rule, Performance assessment, Rule configuration, L1-medial skeleton extraction},
	}
}

@article{dhief2021tree,
	title={A Tree-based Machine Learning Model for Go-around Detection and Prediction},
	author={Dhief, Imen and Alam, Sameer and Mean, Chan Chea and Lilith, Nimrod},
	journal={Proceedings 11th SESAR Innovation Days},
	year={2021}
}

@article{LU2021102970,
	title = {Lateral collision risk assessment of parallel routes in ocean area based on space-based ADS-B},
	journal = {Transportation Research Part C: Emerging Technologies},
	volume = {124},
	pages = {102970},
	year = {2021},
	issn = {0968-090X},
	doi = {https://doi.org/10.1016/j.trc.2021.102970},
	url = {https://www.sciencedirect.com/science/article/pii/S0968090X21000085},
	author = {Fei Lu and Zichen Chen and Huiyu Chen}}
}

@inproceedings{churchill2019clustering,
	title={Clustering aircraft trajectories on the airport surface},
	author={Churchill, Andrew M and Bloem, Michael},
	booktitle={Proceedings of the 13th USA/Europe Air Traffic Management Research and Development Seminar, Chicago, IL, USA},
	pages={10--13},
	year={2019}
}

@ARTICLE{7549107,
	author={Mahboubi, Zouhair and Kochenderfer, Mykel J.},
	journal={IEEE Transactions on Intelligent Transportation Systems}, 
	title={Learning Traffic Patterns at Small Airports From Flight Tracks}, 
	year={2017},
	volume={18},
	number={4},
	pages={917-926},
	keywords={Hidden Markov models;Aircraft;Atmospheric modeling;Airports;Markov processes;Trajectory;Aircraft navigation;Air traffic control;probabilistic models;unsupervised learning},
	doi={10.1109/TITS.2016.2598064}}

@article{ZHU2023102473,
	title = {Predicting aircraft trajectory uncertainties for terminal airspace design evaluation},
	journal = {Journal of Air Transport Management},
	volume = {113},
	pages = {102473},
	year = {2023},
	issn = {0969-6997},
	doi = {https://doi.org/10.1016/j.jairtraman.2023.102473},
	url = {https://www.sciencedirect.com/science/article/pii/S0969699723001163},
	author = {Xinting Zhu and Ning Hong and Fang He and Yu Lin and Lishuai Li and Xiaowen Fu}}
}

@article{alligier2018learning,
	title={Learning aircraft operational factors to improve aircraft climb prediction: A large scale multi-airport study},
	author={Alligier, Richard and Gianazza, David},
	journal={Transportation research part C: emerging technologies},
	volume={96},
	pages={72--95},
	year={2018},
	publisher={Elsevier}
}

@article{olive2019traffic,
	title={Traffic, a toolbox for processing and analysing air traffic data},
	author={Olive, Xavier},
	journal={Journal of Open Source Software},
	volume={4},
	number={39},
	pages={1518--1},
	year={2019}
}

@inproceedings{lindner2021aircraft,
	title={Aircraft performance-optimized departure flights using traffic flow funnels},
	author={Lindner, Martin and Zeh, Thomas and Bra{\ss}el, Hannes and Fricke, Hartmut},
	booktitle={Proceedings of the Fourteenth USA/Europe Air Traffic Management Research and Development Seminar (ATM2021), Virtual Event},
	pages={20--23},
	year={2021}
}

@article{sun2019wrap,
	title={WRAP: An open-source kinematic aircraft performance model},
	author={Sun, Junzi and Ellerbroek, Joost and Hoekstra, Jacco M},
	journal={Transportation Research Part C: Emerging Technologies},
	volume={98},
	pages={118--138},
	year={2019},
	publisher={Elsevier}
}

@article{shafienya20224d,
	title={4D flight trajectory prediction using a hybrid Deep Learning prediction method based on ADS-B technology: A case study of Hartsfield--Jackson Atlanta International Airport (ATL)},
	author={Shafienya, Hesam and Regan, Amelia C},
	journal={Transportation Research Part C: Emerging Technologies},
	volume={144},
	pages={103878},
	year={2022},
	publisher={Elsevier}
}
@INPROCEEDINGS{10311324,
	author={Yoon, Seokbin and Lee, Keumjin},
	booktitle={2023 IEEE/AIAA 42nd Digital Avionics Systems Conference (DASC)}, 
	title={Improving Aircraft Trajectory Prediction Accuracy with Over-sampling Technique}, 
	year={2023},
	volume={},
	number={},
	pages={1-6},
	doi={10.1109/DASC58513.2023.10311324}}
	
@article{WANG2020101840,
	title = {Automated data-driven prediction on aircraft Estimated Time of Arrival},
	journal = {Journal of Air Transport Management},
	volume = {88},
	pages = {101840},
	year = {2020},
	issn = {0969-6997}}
}

@article{vos2024transformer,
	title={A Transformer-based Trajectory Prediction Model to Support Air Traffic Demand Forecasting},
	author={Vos, RW and Sun, Junzi and Hoekstra, JM},
	year={2024}
}

@article{SCHULTZ2022102164,
	title = {Data-driven airport management enabled by operational milestones derived from ADS-B messages},
	journal = {Journal of Air Transport Management},
	volume = {99},
	pages = {102164},
	year = {2022},
	issn = {0969-6997}
}

@inproceedings{olive2018detecting,
	title={Detecting controllers' actions in past mode S data by autoencoder-based anomaly detection},
	author={Olive, Xavier and Grignard, Jeremy and Dubot, Thomas and Saint-Lot, Julie},
	booktitle={SID 2018, 8th SESAR Innovation Days},
	year={2018}
}

@article{BAO2024102667,
	title = {Exploring the conflict risk characteristics of air weaving sections in Metroplex terminal areas with flight trajectory data and adaptive graph spatial-temporal transformer},
	journal = {Journal of Air Transport Management},
	volume = {120},
	pages = {102667},
	year = {2024},
	issn = {0969-6997},
	doi = {https://doi.org/10.1016/j.jairtraman.2024.102667}
}

